<?xml version="1.0" encoding="UTF-8"?>
<record xmlns="http://www.loc.gov/MARC21/slim" xmlns:xsi="http://www.w3.org/2001/XMLSchema-instance" xsi:schemaLocation="http://www.loc.gov/MARC21/slim http://www.loc.gov/standards/marcxml/schema/MARC21slim.xsd">
<leader>00000cam a22      i 4500</leader>
<controlfield tag="001">002740895</controlfield>
<controlfield tag="003">NNU</controlfield>
<controlfield tag="005">20150622171250.0</controlfield>
<controlfield tag="008">870820s1953    ua            001 0 ara d</controlfield>
<datafield tag="035" ind1=" " ind2=" ">
<subfield code="a">(OCoLC)59223381</subfield>
</datafield>
<datafield tag="040" ind1=" " ind2=" ">
<subfield code="a">ZCU</subfield>
<subfield code="b">eng</subfield>
<subfield code="c">ZCU</subfield>
<subfield code="d">OCLCA</subfield>
<subfield code="d">OCLCQ</subfield>
<subfield code="d">OCLCO</subfield>
<subfield code="d">NNU</subfield>
</datafield>
<datafield tag="050" ind1=" " ind2="4">
<subfield code="a">BP155</subfield>
<subfield code="b">.I26 1953</subfield>
</datafield>
<datafield tag="100" ind1="1" ind2=" ">
<subfield code="6">880-01</subfield>
<subfield code="a">Ibn al-Najjār, Taqī al-Dīn Muḥammad ibn Aḥmad,</subfield>
<subfield code="d">1492 or 1493-1564 or 1565.</subfield>
</datafield>
<datafield tag="245" ind1="1" ind2="0">
<subfield code="6">880-02</subfield>
<subfield code="a">Sharḥ al-kawkab al-munīr, al-musammī, bi-Mukhtaṣar al-ṭahrīr, wa-al-musammī ayḍan, al-Mukhtaṣar al-mubtakar sharḥ al-mukhtaṣar fī uṣūl fiqh al-sādah al-Ḥanābilah /</subfield>
<subfield code="c">taʼlīf Taqī al-Dīn Abī al-Baqaʼ Muḥammad ibn Shihāb al-Dīn Abī al-ʻAbbās Aḥmad ibn ʻAbd al-ʻAzīz ibn ʻAlī ibn Ibrāhīm al-Futūḥi ; bi-taḥqīq Muḥammad Ḥāmid al-Faqī.</subfield>
</datafield>
<datafield tag="250" ind1=" " ind2=" ">
<subfield code="6">880-03</subfield>
<subfield code="a">Ṭabʻah 1.</subfield>
</datafield>
<datafield tag="260" ind1=" " ind2=" ">
<subfield code="6">880-04</subfield>
<subfield code="a">[Cairo] :</subfield>
<subfield code="b">Maktabat al-Sunnah al-Muḥammadīyah,</subfield>
<subfield code="c">1953.</subfield>
</datafield>
<datafield tag="300" ind1=" " ind2=" ">
<subfield code="a">668, 8, 29 pages ;</subfield>
<subfield code="c">24 cm</subfield>
</datafield>
<datafield tag="336" ind1=" " ind2=" ">
<subfield code="a">text</subfield>
<subfield code="b">txt</subfield>
<subfield code="2">rdacontent</subfield>
</datafield>
<datafield tag="337" ind1=" " ind2=" ">
<subfield code="a">unmediated</subfield>
<subfield code="b">n</subfield>
<subfield code="2">rdamedia</subfield>
</datafield>
<datafield tag="338" ind1=" " ind2=" ">
<subfield code="a">volume</subfield>
<subfield code="b">nc</subfield>
<subfield code="2">rdacarrier</subfield>
</datafield>
<datafield tag="500" ind1=" " ind2=" ">
<subfield code="a">Includes index.</subfield>
</datafield>
<datafield tag="600" ind1="1" ind2="0">
<subfield code="6">880-05</subfield>
<subfield code="a">Mardāwī, ʻAlī ibn Sulaymān,</subfield>
<subfield code="d">1414 or 1415-1480 or 1481.</subfield>
<subfield code="t">Taḥrīr al-manqūl.</subfield>
</datafield>
<datafield tag="650" ind1=" " ind2="0">
<subfield code="a">Hanbalites</subfield>
<subfield code="v">Early works to 1800.</subfield>
</datafield>
<datafield tag="650" ind1=" " ind2="0">
<subfield code="a">Islamic law</subfield>
<subfield code="v">Early works to 1800.</subfield>
</datafield>
<datafield tag="740" ind1="0" ind2=" ">
<subfield code="6">880-06</subfield>
<subfield code="a">Mukhtaṣar al-taḥrīr.</subfield>
</datafield>
<datafield tag="740" ind1="0" ind2=" ">
<subfield code="6">880-07</subfield>
<subfield code="a">Mukhtaṣar al-mubtakar sharḥ al-mukhtaṣar fī uṣūl fiqh al-sādah al-Ḥanābilah.</subfield>
</datafield>
<datafield tag="880" ind1="1" ind2=" ">
<subfield code="6">100-01/</subfield>
<subfield code="a">ابن النجار، تقي الدين محمد بن احمد،</subfield>
<subfield code="d">1492 or 1493-1564 or 1565.</subfield>
</datafield>
<datafield tag="880" ind1="1" ind2="0">
<subfield code="6">245-02/</subfield>
<subfield code="a">شرح الكوكب المنير، المسمي، بمختصر الطهرير، والمسمي ايضن، المختصر المبتكر شرح المختصر في اصول فقه السادة الحنابلة /</subfield>
<subfield code="c">تأليف تقي الدين ابي البقأ محمد بن شهاب الدين ابي العباس احمد بن عبد العزيز بن علي بن ابراهيم الفتوح ؛ بتحقيق محمد حامد الفقي.</subfield>
</datafield>
<datafield tag="880" ind1=" " ind2=" ">
<subfield code="6">250-03/</subfield>
<subfield code="a">طبعة 1.</subfield>
</datafield>
<datafield tag="880" ind1=" " ind2=" ">
<subfield code="6">260-04/</subfield>
<subfield code="a">[الفاهرة] :</subfield>
<subfield code="b">مكتبة السنة المحمدية،</subfield>
<subfield code="c">1953.</subfield>
</datafield>
<datafield tag="880" ind1="1" ind2="0">
<subfield code="6">600-05/</subfield>
<subfield code="a">مرداوي، علي بن سليمان،</subfield>
<subfield code="d">1414 or 1415-1480 or 1481.</subfield>
<subfield code="t">تحرير المنقول.</subfield>
</datafield>
<datafield tag="880" ind1="0" ind2=" ">
<subfield code="6">740-06/</subfield>
<subfield code="a">مختصر التحرير.</subfield>
</datafield>
<datafield tag="880" ind1="0" ind2=" ">
<subfield code="6">740-07/</subfield>
<subfield code="a">مختصر المبتكر شرح المختصر في اصول فقه السادة الحنابلة.</subfield>
</datafield>
<datafield tag="OWN" ind1=" " ind2=" ">
<subfield code="a">GENERAL</subfield>
</datafield>
<datafield tag="AVA" ind1=" " ind2=" ">
<subfield code="a">NYU50</subfield>
<subfield code="b">BOBST</subfield>
<subfield code="c">Main Collection</subfield>
<subfield code="d">BP155 .I26 1953</subfield>
<subfield code="e">unavailable</subfield>
<subfield code="t">Unavailable</subfield>
<subfield code="f">1</subfield>
<subfield code="g">1</subfield>
<subfield code="h">N</subfield>
<subfield code="i">0</subfield>
<subfield code="j">MAIN</subfield>
<subfield code="k">0</subfield>
</datafield>
</record>
